Record 1
LDR  03053nam  2200853Ia 45  
LDR  00663naa  2200193Ia 4500
001  2766191
005  20021204000000.0
008  860425s1986    xx a          00010 eng d
040       $a CU-IT $c CU-IT
100  10   $a 0'Toole, Daniel E.
245  10   $a Monster transit in America.
300       $a  1 million p. : $b ill. ; $c 600 cm.
500       $a ITS MONO: OUTPUT  6 852 FIELDS FROM 6 HOLDING SEGMENTS.
500       $a ITS MONO: DROP INCOMING 000, 005, 852, & 9XX FIELDS.
500       $a ITS MONO: MOVE 910 TO 035.
500       $a ITS MONO: OCLC 901 $b IS < 8 CHARS.; LEFT PAD WITH ZEROES.
500       $a LOC CBTJ: 930 HAS > 1 $c; REMOVE SUBFLDS & CODES - OUTPUT IN 852 $j.
500       $a LOC CBTM: 930 HAS $a & $b; MOVE TO 852 $h AND $i.
500       $a LOC CBTP: 930 HAS $a ONLY; MOVE TO 852 $j.
500       $a LOC CBTR: 930 HAS $b ONLY; MOVE TO 852 $j.
500       $a LOC CBTZ: 930 HAS $c No Call Number - DON'T OUTPUT ANY CALL NUM IN 852
500       $a LOC CBTI: 930 HAS $c Call number not reported - DON'T OUTPUT  ANY CALL NUM IN 852
500       $a LOC CBTJ: MOVE 933 $a TO 852 $g.
500       $a LOC CBTJ: MOVE 1ST 963 TO 852 $p; DROP ALL OTHERS.
500       $a LOC CBTM: MOVE 2 928s TO 2 852 $k's.
500       $a LOC CBTM: MOVE 1ST 2 932s TO 2 852 $m's.
500       $a LOC CBTM: MOVE 'SHARED PURCHASE' 932 TO 852 $z.
500       $a LOC CBTP: 1ST 935 HAS IND2=0 MOVE TO 852 $z; 2ND HAS IND2=1 MOVE TO 852
500       $a LOC CBTR: MOVE 934 $a TO 852 $3.
650   0   $a Local transit $x Employees $x Training of.
852  0    $a Drop this input 852 field.
901       $a O $b 95216 $c CBT
902       $a 19860425151703.0
904       $a 19860425 $b 19860425
910       $a (CStRLIN)12997013-B
920       $a CBTJ
930       $c See $c Journal $c Area $c Stacks
933       $a At NRLF: copy 2.
963       $a 7071234
963       $a 909 88 33
963       $a 15215050
920       $a CBTM
928       $a Folio
928       $a Godzilla
930       $a TL725.3.T7 $b F68 1987
932       $a Shelved out of reach of humans.
932       $a On shelf unless in librarian's car.
932       $a SHared PuRchase.
920       $a CBTP
930       $a Santos Coll.
935   0   $b Bound by Martha Stewart with glue gun.
935   1   $a Worms throughout.
935       $b Not  $c To  $j Be  $r Removed from Library.
920       $a CBTR
930       $b Box 919
934       $a Library has: 1-78.
920       $a CBTZ
930       $c No Call Number
920       $a CBTI
928       $a This is CBTI's 928 field.
930       $c Call number not reported.
932       $a This is CBTI's 932 field.
933       $a This is CBTI's 933 field.
934       $a This is CBTI's 934 field.
935   0   $a This is CBTI's 935 field, ind2=0.
935   1   $c This is CBTI's 935 field; ind2=1.
935       $a This is CBTI's 935 field; ind2=blank
963       $a This is CBTI's 1st 963 field.
963       $a This is CBTI's 2nd 963 field.
977       $a Drop this 977 field.
998       $a Drop this 998 field.
977       $a Drop this 977 field.
998       $a Drop this 998 field.

Record 2
LDR  00515naa  2200157Ia 45  
