LDR  00761nam  2200241Ia 4500
001  778343
008  820104s1975    abcab        l00000 eng d
245  00   $a 2 and 3 Avenue couplet / Transportation Department.
260  0    $a Calgary : $b The Dept., $c 1975.
300       $a 15 leaves : $b ill., folded maps ; $c 28 cm.
500       $a ITS MONO: NO 920 IN RECORD - REJECT
650   0   $a One-way streets $z Alberta $z Calgary.
901       $a O $b 8036884 $c CBT
902       $a 19820104000000.0
904       $a 19820104 $b 19820104
930       $c 76-1041

Record 5
LDR  01527cas  2200517 a 45  
