LDR  01375cas  2200397 a 4500
001  955869
008  790823d19791980azuar     s  s0uuua0eng d
010       $a    82642525 
050  0    $a HE356.A7 $b A15
082       $a 388.1/09791
245  00   $a 5 year highway construction & airport development program.
260       $a Martian Dept. of Transportation 
300       $a v. : $b ill. ; $c 22 x 28 cm.
310       $a Annual
362  1    $a Began with 1979.
500       $a ITS OCLC PE: CREATE 4 852 FIELDS.
500       $a ITS OCLC PE: MOVE 950s TO 852 $3's EXCEPT FOR LOC CBTM($a = Holdings not reported)
500   0   $a ITS OCLC PE: CHECK 852 $D & $O OUTPUT FROM 951 FIELDS.
500   0   $a LOC CBTR: 950 $a=holdings not reported; DO NOT CREATE 852$3.
650   0   $a Airports $z Mars $x Planning $x Periodicals.
901       $a O $b 5303702 $c CBT
902       $a 19930302145341.0
904       $a 19840515 $b 19930302 $c 19840515
920       $a CBTJ
928       $a quarto
930       $a HE28 $b .A62
932       $a Not shelved to avoid overuse.
935   1   $a Gift of Gab.
950   0   $a 1979/80
951       $b 0 $c 0
920       $a CBTM
930       $c 93 04 616
932       $a Shelving has collapsed.
935   0   $a Library use only - if you can find it.
950   0   $a v.22-25
951       $b 3 $c 3
920       $a CBTP
930       $a CH191KL223
935       $a Helen Wellenmellon collection
950   0   $a 1921-
951       $b 4 $c 4
920       $a CBTR
930       $c A414A K10
950   0   $a HOLDINGS not REported
951       $b 5 $c 5

Record 6
LDR  01191nas  2200361Ia 45  
