LDR  01194nas  2200289Ia 4500
001  909894
008  901219d19861988cau x m       0uuua0eng d
040       $a CU-IT $c CU-IT
043       $a n-us-ca
245  00   $a 101 corridor study. $n Phase II, $p Technical memorandum / $c prepared by Barton-Aschman Associates, Inc.
260  00   $a [San Jose, Calif.] : $b Barton-Aschman Associates, $c 1986-1988.
300       $a 19 v. : $b ill. ; $c 28 cm.
362  0    $a No. 1 (July 1986)-no. 19 (Oct. 1988)
500       $a ITS OCLC PE: OUTPUT 3 852s FROM 3 LOCATION SEGMENTS.
500   0   $a ITS OCLC PE: CHECK 852 $D & $O OUTPUT FROM 951 FIELDS.
650   0   $a High occupancy vehicle lanes $z California $z Marin County $x Periodicals.
710  20   $a 101 Corridor Action Committee (Calif.)
901       $a O $b 22877666 $c CBT
902       $a 19901219175354.0
904       $a 19901219 $b 19901219
920       $a CBTJ
930       $c RTS5020 $c .B382
950   0   $a No. 1 (July 1986)-no. 19 (Oct. 1988)
951       $b x $c x
920       $a CBTP
930       $a VX46420 $b .R898
950   0   $a v.1-10, 23- 
951       $b y $c y
920       $a CBTR
930       $a JT12 $b .D33
950   0   $a HOLDINGS NOT REPORTED 
951       $b 9 $c 9

Record 7
LDR  01113nas  2200277Ia 45  
