LDR  01030nas  2200265Ia 4500
001  861239
008  810521d19801983dcu x m   s  f0uuua0eng d
040       $a CU-IT $c CU-IT $d m/c $d CU-IT
043       $a n-us---
245  00   $a 1977 nationwide personal transportation study : $b report / $c U.S. Department of Transportation, Federal Highway Administration, Office of Highway Planning.
246  13   $a Nationwide personal transportation study.
260  01   $a Washington, D.C. : $b The Office, $c 1980-
300       $a    v. ; $c 28 cm.
362  0    $a No. 1 (Oct. 1980)-no. 11 (Dec. 1983)
500       $a ITS OCLC PE: UNKNOWN LOCATION IN 920 $a; CREATE 998 FIELD.
650   0   $a Automobile driving $z United States $x Statistics.
650   0   $a Automobile drivers $z United States $x Statistics.
710  10   $a United States. $b Office of Highway Planning
710  10   $a United States. $b Federal Highway Administration
901       $a O $b 7438500 $c CBT
902       $a 19930302143920.0
904       $a 19901022 $b 19930302 $c 19901022
920       $a CBT*
930       $c Ref. $c Highway $c Stats.
950   0   $a No. 1 (Oct. 1980)-no. 11 (Dec. 1983)

Record 8
LDR  00916cbj  2200253Ia 45  
