LDR  00788cas  2200229Ia 4500
001  825722
008  830705c19839999cau x m  s   c0   a0eng d
040       $a CU-IT $c CU-IT $d OCoLC $d CU-IT
043       $a n-us-ca
245  00   $a 1980 Census working paper.
260       $a Berkeley, Calif. : $b Metropolitan Transportation Commission, $c 1983-
265       $a Metropolitan Transportation Commission, Hotel Claremont, Berkeley, CA 94705
300       $a    v. ; $c 28 cm.
362  0    $a 1 (Feb. 1983)-
500   0   $a ITS OCLC NON-DELETE REC: HAS INVALID LEADER TYPE=b; CREATE 998 FIELD.
500   0   $a ITS OCLC NON-DEL REC: INVALID LEADER BIBLVL=j; CREATE 2ND 998 FIELD.
710  10   $a California. $b Metropolitan Transportation Commission
901       $a O $b 9670033 $c CBT
902       $a 19930302143707.0
904       $a 19830705 $b 19930302 $c 19830705
920       $a CBTM
930       $c RTS1003 $c .M4
950   0   $a No. 1 (Feb. 1983)

Record 9
LDR  00768nam  2200241Ia 45  
