LDR  00889nam  2200229Ia 4500
001  9530214
008  941013s1994    cau           000 0 eng d
040       $a CU-IG $c CU-IG
043       $a n-us-ca
245  00   $a 3 strikes and you're out! : $b media kit.
260       $a Clovis, CA : $b 3 Strikes and You're Out Committee, $c [1994]
300       $a 1 portfolio ; $c 30 cm. + $e 2 videocassetts.
500       $a IGS OCLC MONO.
650   0   $a Sentences (Criminal procedure) $z California.
690       $a Proposition 184, November 1994.
710  2    $a 3 Strikes and You're Out Committee.
740  01   $a Three strikes and you're out.
901       $a O $b 31279626 $c CBG
902       $a 19941013195238.0
904       $a 19941013 $b 19941013
920       $a CBGA
930       $c 94 00936 $c 2pts.

Record 10
LDR  00982cam  2200277Ia 45  
