LDR  00541cas  2200169b  4500
001  801368
008  10je82           uu  p  igslf      eng  
245       $a 80 census of population and housing : supplementary report. Provisional estimates of social, economic and housing characteristics, PHC80-S1
260       $a Washington, D.C
265       $a U.S. Bureau of the Census
500       $a IGS OCLC PE
901       $a 0 $b 84843232 $c CBG
902       $a 19890630000000.0
904       $a 19890630 $b 19890630
920       $a CBGA
930       $c A6859
932       $a Shelved near highway 61, revisted.
935       $t Townhouses reported separately.
950   1   $a 1, 1982-

Record 12
LDR  00926cas  2200277Ia 45  
