LDR  01223nam  22003498a 4500
001  9057779
008  931119s1993    onc      b   f000 0 eng d
010       $a cn 93099694 
015       $a C93-99694-1
020       $a 0662210727
040       $a CaOODP $b eng $c NLC $d CU-WR
055   3   $a TD427*
082  0    $a 363.73/84 $2 20
086  1    $a DSS Cat. no. En40-215/33E
245  00   $a 1,2-Dichlorobenzene / $c Government of Canada, Environment Canada, Health Canada.
260       $a Ottawa : $b Environment Canada, $c c1993.
263       $a 9310
440   0   $a Priority substances list assessment report
500       $a WRCA OCLC MONO
500       $a At head of title: Canadian Environmental Protection Act.
504       $a Includes bibliographical references.
650   0   $a Dichlorobenzene $x Environmental aspects.
650   0   $a Environmental monitoring $z Canada.
710  10   $a Canada. $b Environment Canada.
710  10   $a Canada. $b Health Canada.
740  01   $a Priority substances list assessment report.
740  01   $a Canadian environmental protection act.
901       $a O $b 29469085 $c WCA
902       $a 19940310125553.0
904       $a 19940310 $b 19940310
920       $a WCAA
930       $c G110 $c N2 $c Di- $c chloro- $c benzene
934       $a Library has: entire series

Record 15
LDR  01347cas  2200373 a 45  
