LDR  01347cas  2200361 a 4500
001  861469
008  751030c19uu9999cauuu        s0   a0eng  
010       $a    73161207 //r75
012       $a 3 $b 3 $d 7 $e - $f - $g p $h - $i 8610
040       $a DLC $c DLC $d NST $d OCoLC $d CU-WR
042       $a lc
043       $a n-us-ca
050  00   $a KFC524.P5 $b A812
082       $a 343/.794/0965
245  00   $a ABCs of California boating law.
246  00   $a California boating law
246  00   $a ABCs of the California boating law
260       $a Sacramento, CA : $b Dept. of Boating and Waterways,
265       $a 1929 S St., Sacramento, CA 95814-7291
300       $a v. : $b ill. ; $c 23 cm.
500       $a WRCA OCLC PE.
500       $a Issues for 1973-   have title: ABCs of the California boating law.
550       $a Issued by: California. Dept. of Navigation and Ocean Development,   -<1973>; California. Dept. of Boating and Waterways, <1990- >
650   0   $a Boats and boating $x Law and legislation $z California.
710  1    $a California. $b Dept. of Boating and Waterways
710  1    $a California. $b Dept. of Navigation and Ocean Development
850       $a CU $a DLC
901       $a O $b 2239434 $c WCA
902       $a 19971003182435.0
904       $a 19900907 $b 19971003 $c 19900907
920       $a WCAA
930       $c L262 $c X
950   1   $a 1961-62; 1973-75; 1980; 1983-85; 1988-

Record 16
LDR  00986nas  2200289Ia 45  
