LDR  00953nas  2200277Ia 4500
001  826210
008  870327c19829999cc ar         0uuua0eng d
040       $a GIS $c GIS $d m/c $d CU-WR
130  00   $a Abstracts of papers (Shui li shui tien k°o hsèueh yen chiu yèuan (China)
245  00   $a Abstracts of papers / $c Institute of Water Conservancy and Hydroelectric Power Research (IWHR).
260  01   $a Beijing : $b The Institute.
300       $a    v. ; $c 26 cm.
310       $a Annual
362  0    $a 1982-
500       $a WRCA OCLC PE.
500       $a Description based on: 1983.
650   0   $a Water resources development $z China $x Periodicals.
650   0   $a Water resources development $x Periodicals.
650   0   $a Ocean wave power $x Periodicals.
710  20   $a Shui li shui tien k°o hsèueh yen chiu yèuan (China)
901       $a O $b 15378833 $c WCA
902       $a 19890809140020.0
904       $a 19890809 $b 19890809
920       $a WCAA
930       $c G924 $c W-1
950   1   $a Library has: 1984-

Record 17
LDR  01370nam  2200349Ia 45  
