LDR  01338nam  2200337Ia 4500
001  6120984
008  900223s1989    nyua     bt   00010 eng d
040       $a CU-EERC $c CU-EERC
088       $a NCEER-89-0026
245  00   $a 1:4 scale model studies of active tendon systems and active mass dampers for aseismic protection / $c by A.M. Reinhorn ... [et al.]
260  0    $a Buffalo, NY : $b National Center for Earthquake Engineering Research, $c 1989.
300       $a 1 v. (various pagings) : $b ill. ; $c 28 cm.
490  1    $a Technical report ; $v NCEER-89-0026
500       $a EERC OCLC MONO.
500       $a Report prepared by SUNY Buffalo and Takenaka Komuten Construction Co.
504       $a Bibliography: p. 7-1.
536       $a NCEER $b 87-2001 and $b 88-2001 ; NSF $b 86-07591
650   0   $a Tall buildings $x Models.
650   0   $a Damping (Mechanics)
650   0   $a Algorithms.
690       $a Structural control.
700  10   $a Reinhorn, Andrei M.
710  20   $a National Center for Earthquake Engineering (U.S.)
710  20   $a Takenaka Komuten Construction Co.
740  01   $a Scale model studies of active tendon systems.
830   0   $a Technical report (National Center for Earthquake Engineering (U.S.)) ; $v NCEER-89-0026.
901       $a O $b 21118348 $c QCE
902       $a 19900223173342.0
904       $a 19900223 $b 19900223
920       $a QCEA
930       $c 500 $c N24 $c 89-26

Record 18
LDR  00856nam  2200253Ia 45  
