LDR  00840nam  2200241Ia 4500
001  6288293
008  900517s1990    enkab         00000 eng d
040       $a CU-EERC $c CU-EERC
245  14   $a The 2nd April 1990 Bishop's Castle earthquake / $c [prepared by BEQE Ltd.]
260  0    $a [Birchwood, Warrington, Cheshire : $b BEQE, Ltd. $c c1990]
300       $a 8 p. : $b ill., maps ; $c 28 cm.
500       $a EERC OCLC MONO.
650   0   $a Buildings $z England $x Earthquake effects.
650   0   $a Masonry $z England $x Earthquake effects.
651   0   $a Bishop's Castle (Salop, England)
710  20   $a BEQE, Ltd.
740  01   $a Bishop's Castle earthquake.
740  01   $a Second April 1990 Bishop's Castle earthquake.
901       $a O $b 21551483 $c QCE
902       $a 19900517170939.0
904       $a 19900517 $b 19900517
920       $a QCEA
930       $c 705.475 $c 1990B $c S42

Record 19
LDR  02010cas  2200481   45  
