LDR  01345cas  2200301Ia 4500
001  994153
008  810901d19341966cauqr p   a  f0uuua0eng d
040       $a CU-Riv $c CU-Riv $d OCoLC $d CU-EERC
043       $a n-usp--
086  0    $a I 19.69
245  00   $a Abstracts of earthquake reports for the Pacific Coast and the Western Mountain Region / $c U.S. Department of Commerce, Environmental Services Administration, Coast and Geodetic Survey.
246  10   $a Earthquake reports for the Pacific Coast and Western Mountain Region.
260  01   $a San Francisco, Calif. : $b U.S. Coast and Geodetic Survey, $c 1934-1966.
300       $a 132 no. ; $c 28 cm.
310       $a Quarterly
362  0    $a [MSA 1] (Jan.-Mar. 1934)-MSA 132 (Oct.-Dec. 1966)
500       $a EERC OCLC PE.
650   0   $a Earthquakes $z Western Mountain Region $x Periodicals.
650   0   $a Earthquakes $z Pacific Coast $x Periodicals.
710  20   $a U.S. Coast and Geodetic Survey
780  00   $a Abstracts of earthquake reports for California and western Nevada
785  00   $t Abstracts of earthquake reports for the United States $w (OCoLC) 4270475
901       $a O $b 7718780 $c QCE
902       $a 19890721194300.0
904       $a 19890721 $b 19890721 $c 19890721
920       $a QCEA
930       $c 380.1 $c U818 $c no.MSA
950   0   $a MSA 1 (1934)-MSA 132 (1966)

Record 21
LDR  00664cam  2200217Ia 45  
