LDR  00621cam  2200205Ia 4500
001  11357143
008  810812s1976    inua          000 0 eng d
040       $a MWU $c MWU $d WAU $d CU-MZ
245  00   $a 200 years of surgery : $b milestones in American medicine.
260       $a [Indianapolis] : $b Eli Lilly, $c c1976.
300       $a [44] p. : $b ill. ; $c 28 cm.
500       $a MT ZION OCLC MONO.
650   0   $a Surgery $x History.
650   2   $a Surgery $x history $z United States
740  01   $a Milestones in American medicine.
901       $a O $b 7662457 $c HMF
902       $a 19990212172900.0
904       $a 19980129 $b 19990212 $c 19980129
920       $a HMFH
930       $c HOM $c Eli

Record 22
LDR  01514cam  2200301Ia 45  
