LDR  00642cas  2200229M  4500
001  813
008  751101c19729999mdumr p       0    0eng u
040       $c MUL $d OCoLC $d NLM $d CU-MZ
069  1    $a A02835000
245  00   $a Accel.
260       $a Bethesda, Md., $b American College of Cardiology.
362  0    $a v. 4, no. 10-   1972-
500       $a MT ZION OCLC PE.
650   2   $a Cardiovascular disease $x periodicals.
710  2    $a American College of Cardiology
780  00   $t Access
901       $a O $b 1779056 $c HMF
902       $a 19991203133320.0
904       $a 19991203 $b 19991203
920       $a HMFP
930       $c Journals
950   0   $a Latest 5 years

Record 24
LDR  01485cas  2200493 a 45  
