LDR  00512nam  2200169K  4500
001  6044356
008  900104s1848    fr            00000 fre d
040       $a CRL $c SER $d CRL
245  00   $a 1áere lettre du citoyen Victor Letellier, fondateurrâedacteur en chef de l'Impitoyable, $b journal de tous les abus publics, au gâenâeral Cavaignac.
260  1    $a Paris, $c 1848.
300       $a 2 p.
500       $a CRL OCLC MONO.
901       $a O $b 20843088 $c CRL
902       $a 19900106113910.0
904       $a 19900106 $b 19900106
909       $a rcp6
920       $a CRLL
930       $c F-1642:44

Record 27
LDR  00941cas  2200349 a 45  
