LDR  01960cas  2200409 a 4500
001  1347731
008  861216c19869999fr wr pe      0uuu 0fre d
010       $a sn 88043308 
012       $i 8808
022       $a 0398-1169
040       $a CRL $c CRL
042       $a lcd
245  00   $a 01 informatique.
246  10   $a Zâero un informatique
260  00   $a [Paris : $b Groupe Tests,
265       $a 01 Informatique, Service Diffusion, 5, place du Colonel-Fabien, 75491 Paris Cedex 10
300       $a v. : $b ill. ; $c 42 cm.
310       $a Weekly
350       $a 1510.00F (includes subscription to: O1 râefâerences; Tâelâecoms magazine; and: 01 informatique.  Annuaire des fournisseurs en informatique, micro-informatique, informatique [i.e. tâelâematique])
362  1    $a Began in 1986.
500       $a CRL OCLC PE.
515       $a No. <904-> also designated <19.-> annâee.
580       $a Supplements: 01 informatique magazine, 1986-1988; 01 râefâerences, 1989-   ; Tâelâecoms magazine, 1990-   .
580       $a Also includes: 01 informatique.  Annuaire des fournisseurs en informatique, micro-informatique, bureautique, informatique [i.e. tâelâematique], 1987- .
650   0   $a Information storage and retrieval systems $x Periodicals.
650   0   $a Computer industry $x Periodicals.
770  1    $t Tâelâecoms magazine $w (DLC)sn 90017967 $w (OCoLC)22789035
770  1    $t 01 râefâerences $w (DLC)sn 90017275 $w (OCoLC)21980561
770  1    $t 01 informatique magazine $w (DLC)sn 88043307 $w (OCoLC)18420895
780  00   $t 01 hebdo
787  1    $t 01 informatique.  Annuaire des fournisseurs en informatique, micro-informatique, bureautique, informatique [i.e. tâelâematique] $x 0299-5948 $w (DLC)sn 87018575 $w (OCoLC)15250759
901       $a O $b 14978816 $c CRL
902       $a 19901207095255.0
904       $a 19880829 $b 19901207
920       $a CRLS
930       $a Call number not reported
950   1   $a [no. 904-1130 May 5, 1986-Sept. 28, 1990] ++ no. 1131- Oct. 5, 1990-

Record 29
LDR  01285cam  2200325Ia 45  
