LDR  01245cam  2200313Ia 4500
001  8742042
008  930617s1989    caua    rb   l001 0 eng d
040       $a JTD $c JTD $d CSFA
043       $a n-us-ca
245  00   $a 4th R : recycling curriculum : $b K thru 5th grade / $c developed by San Francisco school teachers ; sponsored by the San Francisco Recycling Program ; [editors, Martin Strauss, Rosanne Werges].
260       $a [San Francisco, Calif.] : $b The Program, $c [1989]
300       $a 147 p. : $b ill. ; $c 30 cm.
500       $a CAS OCLC MONO.
500       $a Issued also in Spanish as: 4th R : un plan de estudio en reciclaje : para niveles de kinder a 5o grado.
504       $a Includes bibliographical references (p. 147) and index.
533       $a Photocopy.
650   0   $a Recycling (Waste, etc.) $x Study and teaching (Primary) $z California.
650   0   $a Refuse and refuse disposal $x Study and teaching (Primary) $z California.
700  10   $a Strauss, Martin.
700  10   $a Werges, Rosanne.
710  20   $a San Francisco Recycling Program.
740  01   $a Fourth R.
740  01   $a Recycling curriculum.
901       $a O $b 28288719 $c CAW
902       $a 19931007210612.0
904       $a 19931007 $b 19931007
920       $a CAWR
930       $a TD794.5 $b .A15 1989a
935   1   $l pub. gift

Record 30
LDR  01427nam  2200361Ia 45  
