LDR  01348cas  2200337 a 4500
001  1628452
008  950926c19959999dcuar         1    0eng d
010       $a sn 95015511 
040       $a AGL $c AGL $d MYG $d CSFA
042       $a lcd
043       $a n-us---
111  2    $a AAAS Meeting and Science Innovation Exposition
245  10   $a AAAS Annual Meeting and Science Innovation Exposition : $b [program and abstracts] / $c the ... National Meeting of the American Association for the Advancement of Science.
246  3    $a American Association for the Advancement of Science Annual Meeting and Science Innovation Exposition
260       $a [Washington, D.C.] : $b AAAS, $c c1995-
300       $a v. ; $c 28 cm.
310       $a Annual
362  1    $a Began with 161st Meeting.
362  0    $a 1995-
500  20   $a CAS OCLC PE.
650   0   $a Science $z United States $x Congresses.
710  2    $a American Association for the Advancement of Science
780  00   $a American Association for the Advancement of Science. National Meeting $t AAAS ... program/abstracts $w (DLC)sn 93015339 $w (OCoLC)26883177
901       $a O $b 33199967 $c CAW
902       $a 19971002201745.0
904       $a 19971002 $b 19971002
920       $a CAWA
930       $a Q11 $b .A22
932       $a Serials
935   1   $y 1995, 1997- $l gift: A. Leviton
950       $a Holdings not reported.

Record 33
LDR  01923nam  2200325La 45  
