LDR  00608nas  22002177a 4500
001  5412
008  1020318c1974                        eng 
010       $a    85644378 
022  0    $a 0149-1423
110  1    $a American Association of Petroleum Geologists
245  00   $a AAPG bulletin.
246  00   $a AAPG bulletin.
260       $a Tulsa, Okla.
362  0    $a v.58-  Ja 1974-
500  0    $a LLNL LS PE.
780  00   $t Continues American Association of Petroleum Geologists bulletin.
901       $a L $b 100341000 $c LLNL
902       $a 20020318000000.0
904       $a 19940511 $b 20020318 $c 20011025
920       $a main
930       $a no call number
950   1   $a 32+  1948+

Record 36
LDR  00578nas  22001937a 45  
