LDR  00513nas  22001697a 4500
001  369
008  1020318k19721997                    eng 
022  0    $a 0363-5732
245  00   $a Abstract journal in earthquake engineering.
260       $a Richmond, CA :  $b Earthquake Engineering Research Center, University of California.
362  0    $a V.1-26, 1972-1997
500  0    $a LLNL LS PE.
901       $a L $b 100001001 $c LLNL
902       $a 20020318000000.0
904       $a 19980528 $b 20020318 $c 20011025
920       $a main
930       $b no call number
950   0   $a V.1-26, 1972-1997

Record 37
LDR  00540nam  2200205   45  
