LDR  00474nam  2200181   4500
001  994209
008         1979                        eng  
010       $a    79005070 
100  10   $a Abbott, George C.
245  10   $a International indebtedness and the developing countries
260       $a London, Eng $b Croom Helm $c 1979
300       $a 312p
500       $a GIA LS MONO.
901       $a Z $b 2901 $c ???
902       $a 20011025000000.0
904       $a 20011025 $b 20011025
920       $a NRLF
930  1    $c HJ8899/D4A2
963       $a B 4 293 426

Record 38
LDR  00575nam  2200205ba 45  
