LDR  00509nam  2200181ba 4500
001  2064017
008         1955                        eng  
010       $a    55007945 
100  10   $a Abbott, Lawrence, 1902-
245  00   $a Quality and competition; an essay in economic theory / $c by Lawrence Abbott
260  00   $a New York $b Columbia university press $c 1955
300       $a 229p
500       $a GIA LS MONO.
901       $a Z $b 159 $c ???
902       $a 19930402000000.0
904       $a 19930402 $b 19930402
920       $a NRLF
930  1    $a HB771 $b A2
963       $a B 3 428 044

Record 39
LDR  00773cam  2200265   45  
