LDR  00743cam  2200253   4500
001  1368510
008  791120s1970    mau      b    00000 eng  
010       $a    70028260
040       $c CU-AL
043       $a n-us---
050  0    $a HD5124 $b .F68
245  00   $a 4 days, 40 hours; reporting a revolution in work and leisure. $c Edited by Riva Poor. Foreword by Paul A. Samuelson
260  0    $a Cambridge, Mass., $b Bursk and Poor Pub., $c 1970
300       $a 175 p. $c 22 cm
350       $a $5.00
500       $a UCD LAW III MONO.
650   0   $a Four-day week $z United States.
700  10   $a Poor, Riva.
901       $a I $b 108961 $c DLB
902       $a 19900603000000.0
904       $a 19900603 $b 19900603
910       $a (CStRLIN)12997013-B
920       $a stx
930       $c HD5124.F68

Record 40
LDR  01039nam  2200313 a 45  
