LDR  00885nas  2200277 a 4500
001  1530946
008  871203d19271927mduzr    w    0uuua0eng d
040       $a NIC $c NIC $d CLL $d CU-AL
043       $a n-us---
212  0    $a Five year digest of American maritime cases
245  00   $a 5-year digest of American maritime cases
246  00   $a Digest of American maritime cases
260  00   $a Baltimore : $b American Maritime Cases, inc., $c 1928
300       $a 1 v. : $b port. ; $c 24 cm
310       $a Quinquennial
362  0    $a 1st (1923-1927)
500   0   $a UCD LAW III PE.
730  01   $a American maritime cases
785  00   $t 5-year index-digest of American maritime cases ..., A.M.C
901       $a I $b 166010 $c DLB
902       $a 20010628000000.0
904       $a 19920505 $b 20010628 $c 19920505
910       $a (CStRLIN)87-S150
920       $a stx
930       $a KF1100.A2 $b A44
950       $a 1st, 1923-1927.

Record 42
LDR  00986nas  2200313 a 45  
